@misc{coquand_2006, title={Type Theory}, url={https://plato.stanford.edu/entries/type-theory/}, journal={Stanford Encyclopedia of Philosophy}, publisher={Stanford University}, author={Coquand, Thierry}, year={2006}, month={Feb}}

@misc{dybjer_palmgren_2016, title={Intuitionistic Type Theory}, url={https://plato.stanford.edu/entries/type-theory-intuitionistic/}, journal={Stanford Encyclopedia of Philosophy}, publisher={Stanford University}, author={Dybjer, Peter and Palmgren, Erik}, year={2016}, month={Feb}}

@misc{moschovakis_1999, title={Intuitionistic Logic}, url={https://plato.stanford.edu/entries/logic-intuitionistic/}, journal={Stanford Encyclopedia of Philosophy}, publisher={Stanford University}, author={Moschovakis, Joan}, year={1999}, month={Sep}}

@misc{darcs_wiki, title={Patch Theory}, url={http://darcs.net/Theory}, journal={Wiki}, publisher={Darcs}}

@unpublished{sabry_slides,
  Author = {Sabry, Amr},
  Institution = {Indiana University Bloomington},
  Year = {2017},
  Title = {From Reversible Programming Languages to Univalent Universes and Back}
}

@unpublished{christensen_slides,
  Author = {Christensen, Dan},
  Institution = {University of Western Ontario},
  Year = {2015},
  Title = {A Characterization of Univalent Fibrations}
}

@unpublished{frac_types,
  Author = {Carette, Jacques and Chen, Chao-Hong and Choudhury, Vikraman and Sabry, Amr},
  Title = {Fractional Types}
}

@inproceedings{licata_2014,
 author = {Licata, Daniel R. and Finster, Eric},
 title = {Eilenberg-MacLane Spaces in Homotopy Type Theory},
 booktitle = {Proceedings of the Joint Meeting of the Twenty-Third EACSL Annual Conference on Computer Science Logic (CSL) and the Twenty-Ninth Annual ACM/IEEE Symposium on Logic in Computer Science (LICS)},
 series = {CSL-LICS '14},
 year = {2014},
 isbn = {978-1-4503-2886-9},
 location = {Vienna, Austria},
 pages = {66:1--66:9},
 articleno = {66},
 numpages = {9},
 url = {http://doi.acm.org/10.1145/2603088.2603153},
 doi = {10.1145/2603088.2603153},
 acmid = {2603153},
 publisher = {ACM},
 address = {New York, NY, USA},
 keywords = {dependent types, homotopy type theory, type theory},
} 

@Book{hottbook,
  author =    {The {Univalent Foundations Program}},
  title =     {Homotopy Type Theory: Univalent Foundations of Mathematics},
  publisher = {\url{https://homotopytypetheory.org/book}},
  address =   {Institute for Advanced Study},
  year =      2013}

@misc{licata_2015, title={Just Kidding: Understanding Identity Elimination in Homotopy Type Theory}, url={https://homotopytypetheory.org/2011/04/10/just-kidding-understanding-identity-elimination-in-homotopy-type-theory/}, journal={Homotopy Type Theory}, author={Licata, Daniel R}, year={2015}, month={Nov}} 

@INPROCEEDINGS{Hofmann96thegroupoid,
    author = {Martin Hofmann and Thomas Streicher},
    title = {The Groupoid Interpretation of Type Theory},
    booktitle = {In Venice Festschrift},
    year = {1996},
    pages = {83--111},
    publisher = {Oxford University Press}
}

@inproceedings{carette_2016,
 author = {Carette, Jacques and Sabry, Amr},
 title = {Computing with Semirings and Weak Rig Groupoids},
 booktitle = {Proceedings of the 25th European Symposium on Programming Languages and Systems - Volume 9632},
 year = {2016},
 isbn = {978-3-662-49497-4},
 pages = {123--148},
 numpages = {26},
 url = {http://dx.doi.org/10.1007/978-3-662-49498-1_6},
 doi = {10.1007/978-3-662-49498-1_6},
 acmid = {2958886},
 publisher = {Springer-Verlag New York, Inc.},
 address = {New York, NY, USA},
} 
